[gd_scene load_steps=13 format=2]

[ext_resource path="res://Juego/Explosiones/meteorito_dim_2.png" type="Texture" id=1]
[ext_resource path="res://Juego/Explosiones/meteorito_med_1.png" type="Texture" id=2]
[ext_resource path="res://Juego/Explosiones/meteorito_peq_2.png" type="Texture" id=3]
[ext_resource path="res://Juego/Explosiones/meteorito_peq_1.png" type="Texture" id=4]
[ext_resource path="res://Juego/Explosiones/meteorito_med_2.png" type="Texture" id=5]
[ext_resource path="res://Juego/Explosiones/meteorito_dim_1.png" type="Texture" id=6]
[ext_resource path="res://Juego/Explosiones/explosion_meteorito.ogg" type="AudioStream" id=7]
[ext_resource path="res://Juego/Explosiones/ExplosionMeteorito.gd" type="Script" id=8]

[sub_resource type="Animation" id=1]
resource_name = "default"
length = 0.001
tracks/0/type = "value"
tracks/0/path = NodePath("SpriteDiminuto1:position")
tracks/0/interp = 1
tracks/0/loop_wrap = true
tracks/0/imported = false
tracks/0/enabled = true
tracks/0/keys = {
"times": PoolRealArray( 0 ),
"transitions": PoolRealArray( 1 ),
"update": 0,
"values": [ Vector2( 0, 0 ) ]
}
tracks/1/type = "value"
tracks/1/path = NodePath("SpriteDiminuto1:rotation_degrees")
tracks/1/interp = 1
tracks/1/loop_wrap = true
tracks/1/imported = false
tracks/1/enabled = true
tracks/1/keys = {
"times": PoolRealArray( 0 ),
"transitions": PoolRealArray( 1 ),
"update": 0,
"values": [ 0.0 ]
}
tracks/2/type = "value"
tracks/2/path = NodePath("SpriteDiminuto1:scale")
tracks/2/interp = 1
tracks/2/loop_wrap = true
tracks/2/imported = false
tracks/2/enabled = true
tracks/2/keys = {
"times": PoolRealArray( 0 ),
"transitions": PoolRealArray( 1 ),
"update": 0,
"values": [ Vector2( 1, 1 ) ]
}
tracks/3/type = "value"
tracks/3/path = NodePath("SpriteDiminuto2:position")
tracks/3/interp = 1
tracks/3/loop_wrap = true
tracks/3/imported = false
tracks/3/enabled = true
tracks/3/keys = {
"times": PoolRealArray( 0 ),
"transitions": PoolRealArray( 1 ),
"update": 0,
"values": [ Vector2( 0, 0 ) ]
}
tracks/4/type = "value"
tracks/4/path = NodePath("SpriteDiminuto2:rotation_degrees")
tracks/4/interp = 1
tracks/4/loop_wrap = true
tracks/4/imported = false
tracks/4/enabled = true
tracks/4/keys = {
"times": PoolRealArray( 0 ),
"transitions": PoolRealArray( 1 ),
"update": 0,
"values": [ 0.0 ]
}
tracks/5/type = "value"
tracks/5/path = NodePath("SpriteDiminuto2:scale")
tracks/5/interp = 1
tracks/5/loop_wrap = true
tracks/5/imported = false
tracks/5/enabled = true
tracks/5/keys = {
"times": PoolRealArray( 0 ),
"transitions": PoolRealArray( 1 ),
"update": 0,
"values": [ Vector2( 1, 1 ) ]
}
tracks/6/type = "value"
tracks/6/path = NodePath("SpriteMedio1:position")
tracks/6/interp = 1
tracks/6/loop_wrap = true
tracks/6/imported = false
tracks/6/enabled = true
tracks/6/keys = {
"times": PoolRealArray( 0 ),
"transitions": PoolRealArray( 1 ),
"update": 0,
"values": [ Vector2( 0, 0 ) ]
}
tracks/7/type = "value"
tracks/7/path = NodePath("SpriteMedio1:rotation_degrees")
tracks/7/interp = 1
tracks/7/loop_wrap = true
tracks/7/imported = false
tracks/7/enabled = true
tracks/7/keys = {
"times": PoolRealArray( 0 ),
"transitions": PoolRealArray( 1 ),
"update": 0,
"values": [ 0.0 ]
}
tracks/8/type = "value"
tracks/8/path = NodePath("SpriteMedio1:scale")
tracks/8/interp = 1
tracks/8/loop_wrap = true
tracks/8/imported = false
tracks/8/enabled = true
tracks/8/keys = {
"times": PoolRealArray( 0 ),
"transitions": PoolRealArray( 1 ),
"update": 0,
"values": [ Vector2( 1, 1 ) ]
}
tracks/9/type = "value"
tracks/9/path = NodePath("SpriteMedio2:position")
tracks/9/interp = 1
tracks/9/loop_wrap = true
tracks/9/imported = false
tracks/9/enabled = true
tracks/9/keys = {
"times": PoolRealArray( 0 ),
"transitions": PoolRealArray( 1 ),
"update": 0,
"values": [ Vector2( 0, 0 ) ]
}
tracks/10/type = "value"
tracks/10/path = NodePath("SpriteMedio2:rotation_degrees")
tracks/10/interp = 1
tracks/10/loop_wrap = true
tracks/10/imported = false
tracks/10/enabled = true
tracks/10/keys = {
"times": PoolRealArray( 0 ),
"transitions": PoolRealArray( 1 ),
"update": 0,
"values": [ 0.0 ]
}
tracks/11/type = "value"
tracks/11/path = NodePath("SpriteMedio2:scale")
tracks/11/interp = 1
tracks/11/loop_wrap = true
tracks/11/imported = false
tracks/11/enabled = true
tracks/11/keys = {
"times": PoolRealArray( 0 ),
"transitions": PoolRealArray( 1 ),
"update": 0,
"values": [ Vector2( 1, 1 ) ]
}
tracks/12/type = "value"
tracks/12/path = NodePath("SpritePequenio1:position")
tracks/12/interp = 1
tracks/12/loop_wrap = true
tracks/12/imported = false
tracks/12/enabled = true
tracks/12/keys = {
"times": PoolRealArray( 0 ),
"transitions": PoolRealArray( 1 ),
"update": 0,
"values": [ Vector2( 0, 0 ) ]
}
tracks/13/type = "value"
tracks/13/path = NodePath("SpritePequenio1:rotation_degrees")
tracks/13/interp = 1
tracks/13/loop_wrap = true
tracks/13/imported = false
tracks/13/enabled = true
tracks/13/keys = {
"times": PoolRealArray( 0 ),
"transitions": PoolRealArray( 1 ),
"update": 0,
"values": [ 0.0 ]
}
tracks/14/type = "value"
tracks/14/path = NodePath("SpritePequenio1:scale")
tracks/14/interp = 1
tracks/14/loop_wrap = true
tracks/14/imported = false
tracks/14/enabled = true
tracks/14/keys = {
"times": PoolRealArray( 0 ),
"transitions": PoolRealArray( 1 ),
"update": 0,
"values": [ Vector2( 1, 1 ) ]
}
tracks/15/type = "value"
tracks/15/path = NodePath("SpritePequenio2:position")
tracks/15/interp = 1
tracks/15/loop_wrap = true
tracks/15/imported = false
tracks/15/enabled = true
tracks/15/keys = {
"times": PoolRealArray( 0 ),
"transitions": PoolRealArray( 1 ),
"update": 0,
"values": [ Vector2( 0, 0 ) ]
}
tracks/16/type = "value"
tracks/16/path = NodePath("SpritePequenio2:rotation_degrees")
tracks/16/interp = 1
tracks/16/loop_wrap = true
tracks/16/imported = false
tracks/16/enabled = true
tracks/16/keys = {
"times": PoolRealArray( 0 ),
"transitions": PoolRealArray( 1 ),
"update": 0,
"values": [ 0.0 ]
}
tracks/17/type = "value"
tracks/17/path = NodePath("SpritePequenio2:scale")
tracks/17/interp = 1
tracks/17/loop_wrap = true
tracks/17/imported = false
tracks/17/enabled = true
tracks/17/keys = {
"times": PoolRealArray( 0 ),
"transitions": PoolRealArray( 1 ),
"update": 0,
"values": [ Vector2( 1, 1 ) ]
}
tracks/18/type = "value"
tracks/18/path = NodePath("AudioStreamPlayer2D:playing")
tracks/18/interp = 1
tracks/18/loop_wrap = true
tracks/18/imported = false
tracks/18/enabled = true
tracks/18/keys = {
"times": PoolRealArray( 0 ),
"transitions": PoolRealArray( 1 ),
"update": 1,
"values": [ false ]
}

[sub_resource type="Animation" id=2]
resource_name = "explosion"
length = 2.0
tracks/0/type = "value"
tracks/0/path = NodePath("SpriteDiminuto1:position")
tracks/0/interp = 1
tracks/0/loop_wrap = true
tracks/0/imported = false
tracks/0/enabled = true
tracks/0/keys = {
"times": PoolRealArray( 0, 2 ),
"transitions": PoolRealArray( 1, 1 ),
"update": 0,
"values": [ Vector2( 0, 0 ), Vector2( 138.591, -81.8949 ) ]
}
tracks/1/type = "value"
tracks/1/path = NodePath("SpriteDiminuto1:rotation_degrees")
tracks/1/interp = 1
tracks/1/loop_wrap = true
tracks/1/imported = false
tracks/1/enabled = true
tracks/1/keys = {
"times": PoolRealArray( 0, 2 ),
"transitions": PoolRealArray( 1, 1 ),
"update": 0,
"values": [ 0.0, 168.6 ]
}
tracks/2/type = "value"
tracks/2/path = NodePath("SpriteDiminuto1:scale")
tracks/2/interp = 1
tracks/2/loop_wrap = true
tracks/2/imported = false
tracks/2/enabled = true
tracks/2/keys = {
"times": PoolRealArray( 0, 2 ),
"transitions": PoolRealArray( 1, 1 ),
"update": 0,
"values": [ Vector2( 1, 1 ), Vector2( 0.1, 0.1 ) ]
}
tracks/3/type = "value"
tracks/3/path = NodePath("SpriteDiminuto2:position")
tracks/3/interp = 1
tracks/3/loop_wrap = true
tracks/3/imported = false
tracks/3/enabled = true
tracks/3/keys = {
"times": PoolRealArray( 0, 2 ),
"transitions": PoolRealArray( 1, 1 ),
"update": 0,
"values": [ Vector2( 0, 0 ), Vector2( -27.0883, -114.653 ) ]
}
tracks/4/type = "value"
tracks/4/path = NodePath("SpriteDiminuto2:rotation_degrees")
tracks/4/interp = 1
tracks/4/loop_wrap = true
tracks/4/imported = false
tracks/4/enabled = true
tracks/4/keys = {
"times": PoolRealArray( 0, 2 ),
"transitions": PoolRealArray( 1, 1 ),
"update": 0,
"values": [ 0.0, -253.0 ]
}
tracks/5/type = "value"
tracks/5/path = NodePath("SpriteDiminuto2:scale")
tracks/5/interp = 1
tracks/5/loop_wrap = true
tracks/5/imported = false
tracks/5/enabled = true
tracks/5/keys = {
"times": PoolRealArray( 0, 2 ),
"transitions": PoolRealArray( 1, 1 ),
"update": 0,
"values": [ Vector2( 1, 1 ), Vector2( 0.15, 0.15 ) ]
}
tracks/6/type = "value"
tracks/6/path = NodePath("SpriteMedio1:position")
tracks/6/interp = 1
tracks/6/loop_wrap = true
tracks/6/imported = false
tracks/6/enabled = true
tracks/6/keys = {
"times": PoolRealArray( 0, 2 ),
"transitions": PoolRealArray( 1, 1 ),
"update": 0,
"values": [ Vector2( 0, 0 ), Vector2( 82.5248, 47.877 ) ]
}
tracks/7/type = "value"
tracks/7/path = NodePath("SpriteMedio1:rotation_degrees")
tracks/7/interp = 1
tracks/7/loop_wrap = true
tracks/7/imported = false
tracks/7/enabled = true
tracks/7/keys = {
"times": PoolRealArray( 0, 2 ),
"transitions": PoolRealArray( 1, 1 ),
"update": 0,
"values": [ 0.0, 142.7 ]
}
tracks/8/type = "value"
tracks/8/path = NodePath("SpriteMedio1:scale")
tracks/8/interp = 1
tracks/8/loop_wrap = true
tracks/8/imported = false
tracks/8/enabled = true
tracks/8/keys = {
"times": PoolRealArray( 0, 2 ),
"transitions": PoolRealArray( 1, 1 ),
"update": 0,
"values": [ Vector2( 1, 1 ), Vector2( 0.1, 0.1 ) ]
}
tracks/9/type = "value"
tracks/9/path = NodePath("SpriteMedio2:position")
tracks/9/interp = 1
tracks/9/loop_wrap = true
tracks/9/imported = false
tracks/9/enabled = true
tracks/9/keys = {
"times": PoolRealArray( 0, 2 ),
"transitions": PoolRealArray( 1, 1 ),
"update": 0,
"values": [ Vector2( 0, 0 ), Vector2( -71.8155, 3.1498 ) ]
}
tracks/10/type = "value"
tracks/10/path = NodePath("SpriteMedio2:rotation_degrees")
tracks/10/interp = 1
tracks/10/loop_wrap = true
tracks/10/imported = false
tracks/10/enabled = true
tracks/10/keys = {
"times": PoolRealArray( 0, 2 ),
"transitions": PoolRealArray( 1, 1 ),
"update": 0,
"values": [ 0.0, -116.8 ]
}
tracks/11/type = "value"
tracks/11/path = NodePath("SpriteMedio2:scale")
tracks/11/interp = 1
tracks/11/loop_wrap = true
tracks/11/imported = false
tracks/11/enabled = true
tracks/11/keys = {
"times": PoolRealArray( 0, 2 ),
"transitions": PoolRealArray( 1, 1 ),
"update": 0,
"values": [ Vector2( 1, 1 ), Vector2( 0.2, 0.2 ) ]
}
tracks/12/type = "value"
tracks/12/path = NodePath("SpritePequenio1:position")
tracks/12/interp = 1
tracks/12/loop_wrap = true
tracks/12/imported = false
tracks/12/enabled = true
tracks/12/keys = {
"times": PoolRealArray( 0, 2 ),
"transitions": PoolRealArray( 1, 1 ),
"update": 0,
"values": [ Vector2( 0, 0 ), Vector2( -90.0844, 96.384 ) ]
}
tracks/13/type = "value"
tracks/13/path = NodePath("SpritePequenio1:rotation_degrees")
tracks/13/interp = 1
tracks/13/loop_wrap = true
tracks/13/imported = false
tracks/13/enabled = true
tracks/13/keys = {
"times": PoolRealArray( 0, 2 ),
"transitions": PoolRealArray( 1, 1 ),
"update": 0,
"values": [ 0.0, 207.6 ]
}
tracks/14/type = "value"
tracks/14/path = NodePath("SpritePequenio1:scale")
tracks/14/interp = 1
tracks/14/loop_wrap = true
tracks/14/imported = false
tracks/14/enabled = true
tracks/14/keys = {
"times": PoolRealArray( 0, 2 ),
"transitions": PoolRealArray( 1, 1 ),
"update": 0,
"values": [ Vector2( 1, 1 ), Vector2( 0.1, 0.1 ) ]
}
tracks/15/type = "value"
tracks/15/path = NodePath("SpritePequenio2:position")
tracks/15/interp = 1
tracks/15/loop_wrap = true
tracks/15/imported = false
tracks/15/enabled = true
tracks/15/keys = {
"times": PoolRealArray( 0, 2 ),
"transitions": PoolRealArray( 1, 1 ),
"update": 0,
"values": [ Vector2( 0, 0 ), Vector2( 113.393, -31.498 ) ]
}
tracks/16/type = "value"
tracks/16/path = NodePath("SpritePequenio2:rotation_degrees")
tracks/16/interp = 1
tracks/16/loop_wrap = true
tracks/16/imported = false
tracks/16/enabled = true
tracks/16/keys = {
"times": PoolRealArray( 0, 2 ),
"transitions": PoolRealArray( 1, 1 ),
"update": 0,
"values": [ 0.0, 207.6 ]
}
tracks/17/type = "value"
tracks/17/path = NodePath("SpritePequenio2:scale")
tracks/17/interp = 1
tracks/17/loop_wrap = true
tracks/17/imported = false
tracks/17/enabled = true
tracks/17/keys = {
"times": PoolRealArray( 0, 2 ),
"transitions": PoolRealArray( 1, 1 ),
"update": 0,
"values": [ Vector2( 1, 1 ), Vector2( 0.15, 0.15 ) ]
}
tracks/18/type = "value"
tracks/18/path = NodePath("AudioStreamPlayer2D:playing")
tracks/18/interp = 1
tracks/18/loop_wrap = true
tracks/18/imported = false
tracks/18/enabled = true
tracks/18/keys = {
"times": PoolRealArray( 0 ),
"transitions": PoolRealArray( 1 ),
"update": 1,
"values": [ true ]
}

[sub_resource type="Animation" id=3]
resource_name = "explosion2"
length = 2.0
tracks/0/type = "value"
tracks/0/path = NodePath("SpriteDiminuto1:position")
tracks/0/interp = 1
tracks/0/loop_wrap = true
tracks/0/imported = false
tracks/0/enabled = true
tracks/0/keys = {
"times": PoolRealArray( 0, 2 ),
"transitions": PoolRealArray( 1, 1 ),
"update": 0,
"values": [ Vector2( 0, 0 ), Vector2( 6.1405, -96.4869 ) ]
}
tracks/1/type = "value"
tracks/1/path = NodePath("SpriteDiminuto1:rotation_degrees")
tracks/1/interp = 1
tracks/1/loop_wrap = true
tracks/1/imported = false
tracks/1/enabled = true
tracks/1/keys = {
"times": PoolRealArray( 0, 2 ),
"transitions": PoolRealArray( 1, 1 ),
"update": 0,
"values": [ 0.0, -340.8 ]
}
tracks/2/type = "value"
tracks/2/path = NodePath("SpriteDiminuto1:scale")
tracks/2/interp = 1
tracks/2/loop_wrap = true
tracks/2/imported = false
tracks/2/enabled = true
tracks/2/keys = {
"times": PoolRealArray( 0, 2 ),
"transitions": PoolRealArray( 1, 1 ),
"update": 0,
"values": [ Vector2( 1, 1 ), Vector2( 0.2, 0.2 ) ]
}
tracks/3/type = "value"
tracks/3/path = NodePath("SpriteDiminuto2:position")
tracks/3/interp = 1
tracks/3/loop_wrap = true
tracks/3/imported = false
tracks/3/enabled = true
tracks/3/keys = {
"times": PoolRealArray( 0, 2 ),
"transitions": PoolRealArray( 1, 1 ),
"update": 0,
"values": [ Vector2( 0, 0 ), Vector2( -75.9154, -59.6524 ) ]
}
tracks/4/type = "value"
tracks/4/path = NodePath("SpriteDiminuto2:rotation_degrees")
tracks/4/interp = 1
tracks/4/loop_wrap = true
tracks/4/imported = false
tracks/4/enabled = true
tracks/4/keys = {
"times": PoolRealArray( 0, 2 ),
"transitions": PoolRealArray( 1, 1 ),
"update": 0,
"values": [ 0.0, -157.9 ]
}
tracks/5/type = "value"
tracks/5/path = NodePath("SpriteDiminuto2:scale")
tracks/5/interp = 1
tracks/5/loop_wrap = true
tracks/5/imported = false
tracks/5/enabled = true
tracks/5/keys = {
"times": PoolRealArray( 0, 2 ),
"transitions": PoolRealArray( 1, 1 ),
"update": 0,
"values": [ Vector2( 1, 1 ), Vector2( 0.15, 0.15 ) ]
}
tracks/6/type = "value"
tracks/6/path = NodePath("SpriteMedio1:position")
tracks/6/interp = 1
tracks/6/loop_wrap = true
tracks/6/imported = false
tracks/6/enabled = true
tracks/6/keys = {
"times": PoolRealArray( 0, 2 ),
"transitions": PoolRealArray( 1, 1 ),
"update": 0,
"values": [ Vector2( 0, 0 ), Vector2( -29.1601, 52.9281 ) ]
}
tracks/7/type = "value"
tracks/7/path = NodePath("SpriteMedio1:rotation_degrees")
tracks/7/interp = 1
tracks/7/loop_wrap = true
tracks/7/imported = false
tracks/7/enabled = true
tracks/7/keys = {
"times": PoolRealArray( 0, 2 ),
"transitions": PoolRealArray( 1, 1 ),
"update": 0,
"values": [ 0.0, 265.0 ]
}
tracks/8/type = "value"
tracks/8/path = NodePath("SpriteMedio1:scale")
tracks/8/interp = 1
tracks/8/loop_wrap = true
tracks/8/imported = false
tracks/8/enabled = true
tracks/8/keys = {
"times": PoolRealArray( 0, 2 ),
"transitions": PoolRealArray( 1, 1 ),
"update": 0,
"values": [ Vector2( 1, 1 ), Vector2( 0.2, 0.2 ) ]
}
tracks/9/type = "value"
tracks/9/path = NodePath("SpriteMedio2:position")
tracks/9/interp = 1
tracks/9/loop_wrap = true
tracks/9/imported = false
tracks/9/enabled = true
tracks/9/keys = {
"times": PoolRealArray( 0, 2 ),
"transitions": PoolRealArray( 1, 1 ),
"update": 0,
"values": [ Vector2( 0, 0 ), Vector2( -132.428, -96.7493 ) ]
}
tracks/10/type = "value"
tracks/10/path = NodePath("SpriteMedio2:rotation_degrees")
tracks/10/interp = 1
tracks/10/loop_wrap = true
tracks/10/imported = false
tracks/10/enabled = true
tracks/10/keys = {
"times": PoolRealArray( 0, 2 ),
"transitions": PoolRealArray( 1, 1 ),
"update": 0,
"values": [ 0.0, -360.0 ]
}
tracks/11/type = "value"
tracks/11/path = NodePath("SpriteMedio2:scale")
tracks/11/interp = 1
tracks/11/loop_wrap = true
tracks/11/imported = false
tracks/11/enabled = true
tracks/11/keys = {
"times": PoolRealArray( 0, 2 ),
"transitions": PoolRealArray( 1, 1 ),
"update": 0,
"values": [ Vector2( 1, 1 ), Vector2( 0.15, 0.15 ) ]
}
tracks/12/type = "value"
tracks/12/path = NodePath("SpritePequenio1:position")
tracks/12/interp = 1
tracks/12/loop_wrap = true
tracks/12/imported = false
tracks/12/enabled = true
tracks/12/keys = {
"times": PoolRealArray( 0, 2 ),
"transitions": PoolRealArray( 1, 1 ),
"update": 0,
"values": [ Vector2( 0, 0 ), Vector2( 85.9852, 110.526 ) ]
}
tracks/13/type = "value"
tracks/13/path = NodePath("SpritePequenio1:rotation_degrees")
tracks/13/interp = 1
tracks/13/loop_wrap = true
tracks/13/imported = false
tracks/13/enabled = true
tracks/13/keys = {
"times": PoolRealArray( 0, 2 ),
"transitions": PoolRealArray( 1, 1 ),
"update": 0,
"values": [ 0.0, 360.0 ]
}
tracks/14/type = "value"
tracks/14/path = NodePath("SpritePequenio1:scale")
tracks/14/interp = 1
tracks/14/loop_wrap = true
tracks/14/imported = false
tracks/14/enabled = true
tracks/14/keys = {
"times": PoolRealArray( 0, 2 ),
"transitions": PoolRealArray( 1, 1 ),
"update": 0,
"values": [ Vector2( 1, 1 ), Vector2( 0.1, 0.1 ) ]
}
tracks/15/type = "value"
tracks/15/path = NodePath("SpritePequenio2:position")
tracks/15/interp = 1
tracks/15/loop_wrap = true
tracks/15/imported = false
tracks/15/enabled = true
tracks/15/keys = {
"times": PoolRealArray( 0, 2 ),
"transitions": PoolRealArray( 1, 1 ),
"update": 0,
"values": [ Vector2( 0, 0 ), Vector2( 27.8331, -8.16348 ) ]
}
tracks/16/type = "value"
tracks/16/path = NodePath("SpritePequenio2:rotation_degrees")
tracks/16/interp = 1
tracks/16/loop_wrap = true
tracks/16/imported = false
tracks/16/enabled = true
tracks/16/keys = {
"times": PoolRealArray( 0, 2 ),
"transitions": PoolRealArray( 1, 1 ),
"update": 0,
"values": [ 0.0, 77.0 ]
}
tracks/17/type = "value"
tracks/17/path = NodePath("SpritePequenio2:scale")
tracks/17/interp = 1
tracks/17/loop_wrap = true
tracks/17/imported = false
tracks/17/enabled = true
tracks/17/keys = {
"times": PoolRealArray( 0, 2 ),
"transitions": PoolRealArray( 1, 1 ),
"update": 0,
"values": [ Vector2( 1, 1 ), Vector2( 0.15, 0.15 ) ]
}
tracks/18/type = "value"
tracks/18/path = NodePath("AudioStreamPlayer2D:playing")
tracks/18/interp = 1
tracks/18/loop_wrap = true
tracks/18/imported = false
tracks/18/enabled = true
tracks/18/keys = {
"times": PoolRealArray( 0 ),
"transitions": PoolRealArray( 1 ),
"update": 1,
"values": [ true ]
}

[sub_resource type="Animation" id=4]
resource_name = "explosion3"
length = 2.0
tracks/0/type = "value"
tracks/0/path = NodePath("SpriteDiminuto1:position")
tracks/0/interp = 1
tracks/0/loop_wrap = true
tracks/0/imported = false
tracks/0/enabled = true
tracks/0/keys = {
"times": PoolRealArray( 0, 2 ),
"transitions": PoolRealArray( 1, 1 ),
"update": 0,
"values": [ Vector2( 0, 0 ), Vector2( 48.0128, -144.595 ) ]
}
tracks/1/type = "value"
tracks/1/path = NodePath("SpriteDiminuto1:rotation_degrees")
tracks/1/interp = 1
tracks/1/loop_wrap = true
tracks/1/imported = false
tracks/1/enabled = true
tracks/1/keys = {
"times": PoolRealArray( 0, 2 ),
"transitions": PoolRealArray( 1, 1 ),
"update": 0,
"values": [ 0.0, -184.6 ]
}
tracks/2/type = "value"
tracks/2/path = NodePath("SpriteDiminuto1:scale")
tracks/2/interp = 1
tracks/2/loop_wrap = true
tracks/2/imported = false
tracks/2/enabled = true
tracks/2/keys = {
"times": PoolRealArray( 0, 2 ),
"transitions": PoolRealArray( 1, 1 ),
"update": 0,
"values": [ Vector2( 1, 1 ), Vector2( 0.2, 0.2 ) ]
}
tracks/3/type = "value"
tracks/3/path = NodePath("SpriteDiminuto2:position")
tracks/3/interp = 1
tracks/3/loop_wrap = true
tracks/3/imported = false
tracks/3/enabled = true
tracks/3/keys = {
"times": PoolRealArray( 0, 2 ),
"transitions": PoolRealArray( 1, 1 ),
"update": 0,
"values": [ Vector2( 0, 0 ), Vector2( -51.8611, -167.451 ) ]
}
tracks/4/type = "value"
tracks/4/path = NodePath("SpriteDiminuto2:rotation_degrees")
tracks/4/interp = 1
tracks/4/loop_wrap = true
tracks/4/imported = false
tracks/4/enabled = true
tracks/4/keys = {
"times": PoolRealArray( 0, 2 ),
"transitions": PoolRealArray( 1, 1 ),
"update": 0,
"values": [ 0.0, -96.8 ]
}
tracks/5/type = "value"
tracks/5/path = NodePath("SpriteDiminuto2:scale")
tracks/5/interp = 1
tracks/5/loop_wrap = true
tracks/5/imported = false
tracks/5/enabled = true
tracks/5/keys = {
"times": PoolRealArray( 0, 2 ),
"transitions": PoolRealArray( 1, 1 ),
"update": 0,
"values": [ Vector2( 1, 1 ), Vector2( 0.15, 0.15 ) ]
}
tracks/6/type = "value"
tracks/6/path = NodePath("SpriteMedio1:position")
tracks/6/interp = 1
tracks/6/loop_wrap = true
tracks/6/imported = false
tracks/6/enabled = true
tracks/6/keys = {
"times": PoolRealArray( 0, 2 ),
"transitions": PoolRealArray( 1, 1 ),
"update": 0,
"values": [ Vector2( 0, 0 ), Vector2( -149.431, 121.527 ) ]
}
tracks/7/type = "value"
tracks/7/path = NodePath("SpriteMedio1:rotation_degrees")
tracks/7/interp = 1
tracks/7/loop_wrap = true
tracks/7/imported = false
tracks/7/enabled = true
tracks/7/keys = {
"times": PoolRealArray( 0, 2 ),
"transitions": PoolRealArray( 1, 1 ),
"update": 0,
"values": [ 0.0, 142.7 ]
}
tracks/8/type = "value"
tracks/8/path = NodePath("SpriteMedio1:scale")
tracks/8/interp = 1
tracks/8/loop_wrap = true
tracks/8/imported = false
tracks/8/enabled = true
tracks/8/keys = {
"times": PoolRealArray( 0, 2 ),
"transitions": PoolRealArray( 1, 1 ),
"update": 0,
"values": [ Vector2( 1, 1 ), Vector2( 0.2, 0.2 ) ]
}
tracks/9/type = "value"
tracks/9/path = NodePath("SpriteMedio2:position")
tracks/9/interp = 1
tracks/9/loop_wrap = true
tracks/9/imported = false
tracks/9/enabled = true
tracks/9/keys = {
"times": PoolRealArray( 0, 2 ),
"transitions": PoolRealArray( 1, 1 ),
"update": 0,
"values": [ Vector2( 0, 0 ), Vector2( -192.119, -180.494 ) ]
}
tracks/10/type = "value"
tracks/10/path = NodePath("SpriteMedio2:rotation_degrees")
tracks/10/interp = 1
tracks/10/loop_wrap = true
tracks/10/imported = false
tracks/10/enabled = true
tracks/10/keys = {
"times": PoolRealArray( 0, 2 ),
"transitions": PoolRealArray( 1, 1 ),
"update": 0,
"values": [ 0.0, -90.5 ]
}
tracks/11/type = "value"
tracks/11/path = NodePath("SpriteMedio2:scale")
tracks/11/interp = 1
tracks/11/loop_wrap = true
tracks/11/imported = false
tracks/11/enabled = true
tracks/11/keys = {
"times": PoolRealArray( 0, 2 ),
"transitions": PoolRealArray( 1, 1 ),
"update": 0,
"values": [ Vector2( 1, 1 ), Vector2( 0.2, 0.2 ) ]
}
tracks/12/type = "value"
tracks/12/path = NodePath("SpritePequenio1:position")
tracks/12/interp = 1
tracks/12/loop_wrap = true
tracks/12/imported = false
tracks/12/enabled = true
tracks/12/keys = {
"times": PoolRealArray( 0, 2 ),
"transitions": PoolRealArray( 1, 1 ),
"update": 0,
"values": [ Vector2( 0, 0 ), Vector2( 210.493, 182.451 ) ]
}
tracks/13/type = "value"
tracks/13/path = NodePath("SpritePequenio1:rotation_degrees")
tracks/13/interp = 1
tracks/13/loop_wrap = true
tracks/13/imported = false
tracks/13/enabled = true
tracks/13/keys = {
"times": PoolRealArray( 0, 2 ),
"transitions": PoolRealArray( 1, 1 ),
"update": 0,
"values": [ 0.0, 360.0 ]
}
tracks/14/type = "value"
tracks/14/path = NodePath("SpritePequenio1:scale")
tracks/14/interp = 1
tracks/14/loop_wrap = true
tracks/14/imported = false
tracks/14/enabled = true
tracks/14/keys = {
"times": PoolRealArray( 0, 2 ),
"transitions": PoolRealArray( 1, 1 ),
"update": 0,
"values": [ Vector2( 1, 1 ), Vector2( 0.1, 0.1 ) ]
}
tracks/15/type = "value"
tracks/15/path = NodePath("SpritePequenio2:position")
tracks/15/interp = 1
tracks/15/loop_wrap = true
tracks/15/imported = false
tracks/15/enabled = true
tracks/15/keys = {
"times": PoolRealArray( 0, 2 ),
"transitions": PoolRealArray( 1, 1 ),
"update": 0,
"values": [ Vector2( 0, 0 ), Vector2( 403.622, -1.02826 ) ]
}
tracks/16/type = "value"
tracks/16/path = NodePath("SpritePequenio2:rotation_degrees")
tracks/16/interp = 1
tracks/16/loop_wrap = true
tracks/16/imported = false
tracks/16/enabled = true
tracks/16/keys = {
"times": PoolRealArray( 0, 2 ),
"transitions": PoolRealArray( 1, 1 ),
"update": 0,
"values": [ 0.0, -360.0 ]
}
tracks/17/type = "value"
tracks/17/path = NodePath("SpritePequenio2:scale")
tracks/17/interp = 1
tracks/17/loop_wrap = true
tracks/17/imported = false
tracks/17/enabled = true
tracks/17/keys = {
"times": PoolRealArray( 0, 2 ),
"transitions": PoolRealArray( 1, 1 ),
"update": 0,
"values": [ Vector2( 1, 1 ), Vector2( 0.2, 0.2 ) ]
}
tracks/18/type = "value"
tracks/18/path = NodePath("AudioStreamPlayer2D:playing")
tracks/18/interp = 1
tracks/18/loop_wrap = true
tracks/18/imported = false
tracks/18/enabled = true
tracks/18/keys = {
"times": PoolRealArray( 0 ),
"transitions": PoolRealArray( 1 ),
"update": 1,
"values": [ true ]
}

[node name="ExplosionMeteorito" type="Node2D"]
z_index = 60
z_as_relative = false
script = ExtResource( 8 )

[node name="AnimationPlayer" type="AnimationPlayer" parent="."]
anims/default = SubResource( 1 )
anims/explosion = SubResource( 2 )
anims/explosion2 = SubResource( 3 )
anims/explosion3 = SubResource( 4 )

[node name="AudioStreamPlayer2D" type="AudioStreamPlayer2D" parent="."]
stream = ExtResource( 7 )
bus = "SFX"

[node name="SpriteDiminuto1" type="Sprite" parent="."]
texture = ExtResource( 6 )

[node name="SpriteDiminuto2" type="Sprite" parent="."]
texture = ExtResource( 1 )

[node name="SpriteMedio1" type="Sprite" parent="."]
texture = ExtResource( 2 )

[node name="SpriteMedio2" type="Sprite" parent="."]
texture = ExtResource( 5 )

[node name="SpritePequenio1" type="Sprite" parent="."]
texture = ExtResource( 4 )

[node name="SpritePequenio2" type="Sprite" parent="."]
texture = ExtResource( 3 )

[connection signal="animation_finished" from="AnimationPlayer" to="." method="_on_AnimationPlayer_animation_finished"]
